%Automatically generated by Mendeley Desktop 1.19.3
%Any changes to this file will be lost if it is regenerated by Mendeley.

%BibTeX export options can be customized via Options -> BibTeX in Mendeley Desktop

%%%%%%%%%%%%%%%%%%%%%%%%%%%%%%%%%
%Chapter 1 

@misc{Colombo2012,
author = {Colombo, P. J. and Crawley, M. E. and East, B. S. and Hill, A. R.},
title = {{Aging and the Brain}},
year = {2012},
howpublished  = "\url{https://www.who.int/ageing/publications/global_health.pdf}",
note = "[Online; accessed 28-Aug-2019]"
}

@misc{Hill2019,
author = {Hill, Amelia},
title = {{Nearly one in seven Britons could live alone by 2039, study shows}},
year = {2019},
howpublished  = "\url{https://www.theguardian.com/society/2019/apr/04/nearly-one-in-seven-britons-could-live-alone-2039-study-shows}",
note = "[Online; accessed 28-Aug-2019]"
}

@article{albu2008soft,
  title={Soft robotics},
  author={Albu-Schaffer, Alin and Eiberger, Oliver and Grebenstein, Markus and Haddadin, Sami and Ott, Christian and Wimbock, Thomas and Wolf, Sebastian and Hirzinger, Gerd},
  journal={IEEE Robotics \& Automation Magazine},
  volume={15},
  number={3},
  pages={20--30},
  year={2008},
  publisher={IEEE}
}

@article{park2012design,
  title={Design and fabrication of soft artificial skin using embedded microchannels and liquid conductors},
  author={Park, Yong-Lae and Chen, Bor-Rong and Wood, Robert J},
  journal={IEEE Sensors Journal},
  volume={12},
  number={8},
  pages={2711--2718},
  year={2012},
  publisher={IEEE}
}

@article{Moore2015,
author = {Moore, Jason K and Hnat, Sandra K and van den Bogert, Antonie J},
doi = {10.7717/peerj.918},
file = {:F$\backslash$:/University of Leeds/PhD/Soft Robotics Research Papers/Organized Papers/2015 - Moore, Hnat, van den Bogert - An elaborate data set on human gait and the effect of mechanical perturbations.pdf:pdf},
issn = {2167-8359},
journal = {PeerJ},
keywords = {Ankle,Control,Data,Gait,Hip,Knee,Perturbation,Walk},
mendeley-tags = {Ankle,Gait,Hip,Knee,Walk},
month = {apr},
pages = {e918},
pmid = {25945311},
title = {{An elaborate data set on human gait and the effect of mechanical perturbations}},
url = {https://peerj.com/articles/918},
volume = {3},
year = {2015}
}
@article{Zajac1989,
author = {Zajac, Felix E.},
file = {:F$\backslash$:/University of Leeds/PhD/Soft Robotics Research Papers/Organized Papers/1989 - Zajac - Muscle and tendon properties, models, scaling, and application to biomechanics and motor control.pdf:pdf},
journal = {Crit. Rev. Biomed. Eng.},
number = {4},
pages = {359--410},
title = {{Muscle and tendon: properties, models, scaling, and application to biomechanics and motor control}},
volume = {17},
year = {1989}
}
@article{Chossat2013,
author = {Chossat, Jean Baptiste and Park, Yong Lae and Wood, Robert J. and Duchaine, Vincent},
doi = {10.1109/JSEN.2013.2263797},
file = {:F$\backslash$:/University of Leeds/PhD/Soft Robotics Research Papers/Organized Papers/2013 - Chossat et al. - A soft strain sensor based on ionic and metal liquids.pdf:pdf},
issn = {1530437X},
journal = {IEEE Sens. J.},
keywords = {Sensor,SoftRobotics,Wearable sensors,eutectic gallium indium (eGaIn),ionic solution,microfluidics,strain measurement},
mendeley-tags = {Sensor,SoftRobotics},
number = {9},
pages = {3405--3414},
title = {{A soft strain sensor based on ionic and metal liquids}},
volume = {13},
year = {2013}
}
@article{Coral2012,
author = {Coral, William and Rossi, Claudio and Colorado, Julian and Lemus, Daniel and Barrientos, Antonio},
doi = {10.5772/50209},
file = {:F$\backslash$:/University of Leeds/PhD/Soft Robotics Research Papers/Organized Papers/2012 - Coral et al. - SMA-Based Muscle-Like Actuation in Biologically Inspired Robots A State of the Art Review.pdf:pdf},
isbn = {978-953-51-0798-9},
journal = {Smart Actuation Sens. Syst. â€“ Recent Adv. Futur. Challenges},
pages = {53--82},
title = {{SMA-Based Muscle-Like Actuation in Biologically Inspired Robots : A State of the Art Review}},
url = {http://dx.doi.org/10.5772/50209},
year = {2012}
}
@article{Schatzmann1998,
author = {Schatzmann, L and Brunner, P and St{\"{a}}ubli, H U},
doi = {10.1007/s001670050224},
file = {:F$\backslash$:/University of Leeds/PhD/Soft Robotics Research Papers/Organized Papers/1998 - Schatzmann, Brunner, St{\"{a}}ubli - Effect of cyclic preconditioning on the tensile properties of human quadriceps tendons and patella.pdf:pdf},
isbn = {0942-2056 (Print)$\backslash$r0942-2056 (Linking)},
issn = {0942-2056},
journal = {Knee Surgery, Sport. Traumatol. Arthrosc.},
keywords = {Anterior Cruciate Ligament,Biomechanics,Humans,Patella,Tendons,Tensile Strength,physiology/surgery,physiology/transplantation},
number = {Suppl 1},
pages = {S56----S61},
pmid = {9608465},
title = {{Effect of cyclic preconditioning on the tensile properties of human quadriceps tendons and patellar ligaments.}},
volume = {6},
year = {1998}
}

@article{park2014design,
  title={Design and control of a bio-inspired soft wearable robotic device for ankle--foot rehabilitation},
  author={Park, Yong-Lae and Chen, Bor-rong and P{\'e}rez-Arancibia, N{\'e}stor O and Young, Diana and Stirling, Leia and Wood, Robert J and Goldfield, Eugene C and Nagpal, Radhika},
  journal={Bioinspiration \& biomimetics},
  volume={9},
  number={1},
  pages={016007},
  year={2014},
  publisher={IOP Publishing}
}

@conference{park2011bio,
author = {Yong-Lae Park and Bor-rong Chen and Diana Young and Leia Stirling and Robert J. Wood and Eugene Goldfield and Radhika Nagpal},
title = {Bio-Inspired Active Soft Orthotic Device for Ankle Foot Pathologies},
booktitle = {Proceedings of the IEEE/RSJ International Conference on Intelligent Robots and Systems},
year = {2011},
month = {September},
pages = {4488-4495},
organization={IEEE}
}

@article{Johnson1994,
author = {Johnson, G A and Tramaglini, D M and Levine, R E and Ohno, K and Choi, N Y and Woo, Savio L Y},
doi = {10.1002/jor.1100120607},
file = {:F$\backslash$:/University of Leeds/PhD/Soft Robotics Research Papers/Organized Papers/1994 - Johnson et al. - Tensile and viscoelastic properties of human patellar tendon.pdf:pdf},
isbn = {0736-0266 (Print)$\backslash$r0736-0266 (Linking)},
issn = {0736-0266},
journal = {J. Orthop. Res.},
keywords = {80 and over,Adult,Aged,Aging,Aging: physiology,Elasticity,Humans,Mechanical,Middle Aged,Muscle Contraction,Muscle Relaxation,Patella,Patella: physiology,Stress,Tendons,Tendons: physiology,Viscosity},
number = {6},
pages = {796--803},
pmid = {7983555},
title = {{Tensile and viscoelastic properties of human patellar tendon.}},
url = {http://www.ncbi.nlm.nih.gov/pubmed/7983555},
volume = {12},
year = {1994}
}
@inproceedings{Park2014,
author = {Park, Yong-Lae and Santos, Jobim and Galloway, Kevin G. and Goldfield, Eugene C. and Wood, Robert J.},
booktitle = {2014 IEEE Int. Conf. Robot. Autom.},
doi = {10.1109/ICRA.2014.6907562},
file = {:F$\backslash$:/University of Leeds/PhD/Soft Robotics Research Papers/Organized Papers/2014 - Park et al. - A soft wearable robotic device for active knee motions using flat pneumatic artificial muscles.pdf:pdf},
isbn = {978-1-4799-3685-4},
issn = {10504729},
keywords = {3D printed leg model,Actuation,Actuators,Elastomeric,Force,Knee,Muscles,Orthosis,PAM,Pneumatic,Prototypes,Robots,Skin,SoftRobotics,air pressure,articulated knee joint,assisted knee extension,assisted knee flexion,biomechanics,contraction force,elastomeric artificial muscle actuators,elastomers,electroactive polymer actuators,flat pneumatic artificial muscles,knee motions,leg mechanics,manufacturing process,pneumatic actuators,pressure 104 kPa,robots,soft fabric sleeves,soft wearable robotic device,two-dimensional design},
mendeley-tags = {Actuation,Elastomeric,Knee,Orthosis,PAM,Pneumatic,SoftRobotics},
pages = {4805--4810},
title = {{A soft wearable robotic device for active knee motions using flat pneumatic artificial muscles}},
url = {http://ieeexplore.ieee.org/lpdocs/epic03/wrapper.htm?arnumber=6907562},
year = {2014}
}
@phdthesis{Bundhoo2009a,
author = {Bundhoo, Vishalini},
file = {:F$\backslash$:/University of Leeds/PhD/Soft Robotics Research Papers/Organized Papers/2009 - Bundhoo - Design and evaluation of a shape memory alloy-based tendon- driven actuation system for biomimetic artificial fingers.pdf:pdf},
pages = {1--186},
title = {{Design and evaluation of a shape memory alloy-based tendon- driven actuation system for biomimetic artificial fingers}},
year = {2009}
}
@misc{ImagesScientificInstrument2016,
author = {{Images Scientific Instrument}, Inc},
title = {{Nitinol / Flexinol{\textregistered} Actuator Wire}},
url = {http://www.imagesco.com/articles/nitinol/04.html},
urldate = {2016-10-07},
year = {2016}
}
@article{Sridar2016,
author = {Sridar, Saivimal and Majeika, Corey J. and Schaffer, Phillip and Bowers, Matthew and Ueda, Seiichiro and Barth, Andrew J. and Sorrells, Jon L. and Wu, Jon T. and Hunt, Thane R. and Popovic, Marko},
doi = {10.1109/ICRA.2016.7487591},
file = {:F$\backslash$:/University of Leeds/PhD/Soft Robotics Research Papers/Organized Papers/2016 - Sridar et al. - Hydro Muscle -a novel soft fluidic actuator.pdf:pdf},
isbn = {978-1-4673-8026-3},
journal = {2016 IEEE Int. Conf. Robot. Autom.},
keywords = {Actuation,Hydraulic,SoftRobotics,artificial},
mendeley-tags = {Actuation,Hydraulic,SoftRobotics},
pages = {4014--4021},
title = {{Hydro Muscle -a novel soft fluidic actuator}},
url = {http://ieeexplore.ieee.org/lpdocs/epic03/wrapper.htm?arnumber=7487591},
year = {2016}
}
@article{kim2013soft,
  title={Soft robotics: a bioinspired evolution in robotics},
  author={Kim, Sangbae and Laschi, Cecilia and Trimmer, Barry},
  journal={Trends in biotechnology},
  volume={31},
  number={5},
  pages={287--294},
  year={2013},
  publisher={Elsevier}
}

@article{Zhang2013a,
author = {Zhang, Jianjun and Yin, Yuehong and Zhu, Jianying},
doi = {10.1016/j.sna.2013.07.036},
file = {:F$\backslash$:/University of Leeds/PhD/Soft Robotics Research Papers/Organized Papers/2013 - Zhang, Yin, Zhu - Sigmoid-based hysteresis modeling and high-speed tracking control of SMA-artificial muscle.pdf:pdf},
issn = {09244247},
journal = {Sensors Actuators, A Phys.},
keywords = {Artificial muscle,Hysteresis model,Shape memory alloy,Tracking control},
pages = {264--273},
publisher = {Elsevier B.V.},
title = {{Sigmoid-based hysteresis modeling and high-speed tracking control of SMA-artificial muscle}},
url = {http://dx.doi.org/10.1016/j.sna.2013.07.036},
volume = {201},
year = {2013}
}
@article{Roche2014,
author = {Roche, Ellen T. and Wohlfarth, Robert and Overvelde, Johannes T B and Vasilyev, Nikolay V. and Pigula, Frank A. and Mooney, David J. and Bertoldi, Katia and Walsh, Conor J.},
doi = {10.1002/adma.201304018},
file = {:F$\backslash$:/University of Leeds/PhD/Soft Robotics Research Papers/Organized Papers/2014 - Roche et al. - A bioinspired soft actuated material.pdf:pdf},
isbn = {1521-4095 (Electronic)$\backslash$r0935-9648 (Linking)},
issn = {09359648},
journal = {Adv. Mater.},
keywords = {Actuation,PAM,Pneumatic,SoftRobotics,biomimetic motion,embedded actuators,pneumatic actuators,soft actuated material,three-dimensional motion},
mendeley-tags = {Actuation,PAM,Pneumatic,SoftRobotics},
number = {8},
pages = {1200--1206},
pmid = {24227698},
title = {{A bioinspired soft actuated material}},
volume = {26},
year = {2014}
}
@book{Maurel1998,
author = {Maurel, Walter and Thalmann, D and Wu, Yin and Thalmann, NM and {Magneat Thalman}, N. and Thalman, D.},
booktitle = {ESPRIT Basic Res. Ser.},
doi = {10.1007/978-3-662-03589-4},
file = {:F$\backslash$:/University of Leeds/PhD/Soft Robotics Research Papers/Organized Papers/1998 - Maurel et al. - Biomechanical Models for Soft Tissue Simulation.pdf:pdf},
isbn = {3540637427},
pages = {1--173},
publisher = {Springer},
title = {{Biomechanical Models for Soft Tissue Simulation}},
url = {http://link.springer.com/content/pdf/10.1007/978-3-662-04603-6.pdf{\%}5Cnhttp://link.springer.com/content/pdf/10.1007/978-3-662-03589-4.pdf},
year = {1998}
}
@article{Han2011,
author = {Han, Yali and Wang, Xingsong},
doi = {10.1007/s11431-011-4318-z},
file = {:F$\backslash$:/University of Leeds/PhD/Soft Robotics Research Papers/Organized Papers/2011 - Han, Wang - The biomechanical study of lower limb during human walking.pdf:pdf},
isbn = {1674-7321},
issn = {1674-7321},
journal = {Sci. China Technol. Sci.},
keywords = {Ankle,Gait,Hip,Knee,Walk,dynamical model,load walking,motion analysis,walking gait},
mendeley-tags = {Ankle,Gait,Hip,Knee,Walk},
month = {apr},
number = {4},
pages = {983--991},
title = {{The biomechanical study of lower limb during human walking}},
url = {http://link.springer.com/10.1007/s11431-011-4318-z},
volume = {54},
year = {2011}
}
@article{Zhang2012,
author = {Zhang, Jianjun and Yin, Yuehong},
doi = {10.1016/j.sna.2012.05.017},
file = {:F$\backslash$:/University of Leeds/PhD/Soft Robotics Research Papers/Organized Papers/2012 - Zhang, Yin - SMA-based bionic integration design of self-sensor-actuator-structure for artificial skeletal muscle.pdf:pdf},
isbn = {0924-4247},
issn = {09244247},
journal = {Sensors Actuators, A Phys.},
keywords = {Artificial skeletal muscle,Bionic design,Self-sensing model,Shape memory alloy},
pages = {94--102},
publisher = {Elsevier B.V.},
title = {{SMA-based bionic integration design of self-sensor-actuator-structure for artificial skeletal muscle}},
url = {http://dx.doi.org/10.1016/j.sna.2012.05.017},
volume = {181},
year = {2012}
}
@inproceedings{Ding2016,
author = {Ding, Ye and Galiana, Ignacio and Asbeck, Alan and {De Rossi}, Stefano and Bae, Jaehyun and Santos, Thiago and Araujo, Vanessa and Lee, Sangjun and Holt, Kenneth and Walsh, Conor},
booktitle = {IEEE Trans. Neural Syst. Rehabil. Eng.},
doi = {10.1109/TNSRE.2016.2523250},
file = {:F$\backslash$:/University of Leeds/PhD/Soft Robotics Research Papers/Organized Papers/2016 - Ding et al. - Biomechanical and Physiological Evaluation of Multi-joint Assistance with Soft Exosuits.pdf:pdf},
issn = {1534-4320},
keywords = {Ankle,Bowden Cable,Hip,Knee,Orthosis,SoftRobotics},
mendeley-tags = {Ankle,Bowden Cable,Hip,Knee,Orthosis,SoftRobotics},
number = {00},
pages = {1--1},
title = {{Biomechanical and Physiological Evaluation of Multi-joint Assistance with Soft Exosuits}},
url = {http://ieeexplore.ieee.org/lpdocs/epic03/wrapper.htm?arnumber=7394183},
volume = {0},
year = {2016}
}
@article{Skorina2015,
author = {Skorina, Erik H. and Luo, Ming and Ozel, Selim and Chen, Fuchen and Tao, Weijia and Onal, Cagdas D.},
doi = {10.1109/ICRA.2015.7139540},
file = {:F$\backslash$:/University of Leeds/PhD/Soft Robotics Research Papers/Organized Papers/2015 - Skorina et al. - Feedforward augmented sliding mode motion control of antagonistic soft pneumatic actuators.pdf:pdf},
isbn = {9781479969227},
issn = {10504729},
journal = {Proc. - IEEE Int. Conf. Robot. Autom.},
number = {June},
pages = {2544--2549},
title = {{Feedforward augmented sliding mode motion control of antagonistic soft pneumatic actuators}},
volume = {2015-June},
year = {2015}
}
@article{Tarkesh2016,
author = {Tarkesh, Ehsan and Elahinia, Mohammad H and Hefzy, Mohamed Samir},
file = {:F$\backslash$:/University of Leeds/PhD/Soft Robotics Research Papers/Organized Papers/2016 - Tarkesh, Elahinia, Hefzy - Developing an active ankle foot orthosis based on shape memory alloy actuators.pdf:pdf},
pages = {1--2},
title = {{Developing an active ankle foot orthosis based on shape memory alloy actuators}},
year = {2016}
}

@misc{Morrow2015,
author = {Morrow, John and Shin, Hee-sup and Torrey, Jacob and Larkins, Riley and Dang, Steven and Phillips-grafflin, Calder and Park, Yong-lae and Berenson, Dmitry},
file = {:F$\backslash$:/University of Leeds/PhD/Soft Robotics Research Papers/Organized Papers/2015 - Morrow et al. - Improving Soft Pneumatic Actuator Fingers through Integration of Soft Sensors , Position and Force Control , and.pdf:pdf},
isbn = {9781467380256},
keywords = {Pneumatic,Sensor},
mendeley-tags = {Pneumatic,Sensor},
title = {{Improving Soft Pneumatic Actuator Fingers through Integration of Soft Sensors , Position and Force Control , and Rigid Fingernails}},
year = {2015}
}
@article{Riener2002,
author = {Riener, Robert and Rabuffetti, Marco and Frigo, Carlo},
doi = {10.1016/S0966-6362(01)00162-X},
file = {:F$\backslash$:/University of Leeds/PhD/Soft Robotics Research Papers/Organized Papers/2002 - Riener, Rabuffetti, Frigo - Stair ascent and descent at different inclinations.pdf:pdf},
isbn = {4989289234},
issn = {09666362},
journal = {Gait Posture},
keywords = {Ankle,Ascent,Descent,Gait,Ground reactions,Hip,Kinematics,Kinetics,Knee,Motion analysis,Slope,Stair,Stair climbing,Stair inclination},
mendeley-tags = {Ankle,Gait,Hip,Knee,Stair},
number = {1},
pages = {32--44},
pmid = {11809579},
title = {{Stair ascent and descent at different inclinations}},
volume = {15},
year = {2002}
}
@article{Belforte2014,
author = {Belforte, Guido and Eula, Gabriella and Ivanov, Alexandre and Sirolli, Silvia},
doi = {10.3390/act3020084},
file = {:F$\backslash$:/University of Leeds/PhD/Soft Robotics Research Papers/Organized Papers/2014 - Belforte et al. - Soft Pneumatic Actuators for Rehabilitation.pdf:pdf},
issn = {2076-0825},
journal = {Actuators},
keywords = {active suits,new motors for human limbs,new soft actuators for limbs rehabilitation,pneumatic muscles,pneumatic soft actuators,soft actuators for active cloths,soft actuators for human control movements,textile actuators,textile engineering for intelligent garments,unusual woven applications},
number = {2},
pages = {84--105},
title = {{Soft Pneumatic Actuators for Rehabilitation}},
url = {http://www.mdpi.com/2076-0825/3/2/84/},
volume = {3},
year = {2014}
}
@inproceedings{Felt2014,
author = {Felt, Wyatt and Remy, C. David},
booktitle = {IEEE Int. Conf. Intell. Robot. Syst.},
doi = {10.1109/IROS.2014.6942949},
file = {:F$\backslash$:/University of Leeds/PhD/Soft Robotics Research Papers/Organized Papers/2014 - Felt, Remy - Smart braid Air muscles that measure force and displacement.pdf:pdf},
isbn = {9781479969340},
issn = {21530866},
number = {Iros},
pages = {2821--2826},
title = {{Smart braid: Air muscles that measure force and displacement}},
year = {2014}
}
@inproceedings{Park2012,
author = {Park, Yong Lae and Chen, Bor Rong and Majidi, Carmel and Wood, Robert J. and Nagpal, Radhika and Goldfield, Eugene},
booktitle = {IEEE Int. Conf. Intell. Robot. Syst.},
doi = {10.1109/IROS.2012.6386158},
file = {:F$\backslash$:/University of Leeds/PhD/Soft Robotics Research Papers/Organized Papers/2012 - Park et al. - Active modular elastomer sleeve for soft wearable assistance robots.pdf:pdf},
isbn = {9781467317375},
issn = {21530858},
keywords = {Actuation,Elastomer,Hydraulic/Pneumatic Actuators,Knee,Orthosis,Pneumatic,Rehabilitation Robotics,Sensor,Smart Actuators,SoftRobotics},
mendeley-tags = {Actuation,Elastomer,Knee,Orthosis,Pneumatic,Sensor,SoftRobotics},
pages = {1595--1602},
title = {{Active modular elastomer sleeve for soft wearable assistance robots}},
year = {2012}
}
@inproceedings{Florez2014,
author = {Florez, Juan Manuel and Shih, Benjamin and Bai, Yixin and Paik, Jamie K.},
booktitle = {2014 IEEE Int. Conf. Robot. Biomimetics, IEEE ROBIO 2014},
doi = {10.1109/ROBIO.2014.7090302},
file = {:F$\backslash$:/University of Leeds/PhD/Soft Robotics Research Papers/Organized Papers/2014 - Florez et al. - Soft pneumatic actuators for legged locomotion.pdf:pdf},
isbn = {9781479973965},
pages = {27--34},
title = {{Soft pneumatic actuators for legged locomotion}},
year = {2014}
}
@article{Doxey1987,
author = {Doxey, G},
doi = {10.2519/jospt.1987.8.9.462},
file = {:F$\backslash$:/University of Leeds/PhD/Soft Robotics Research Papers/Organized Papers/1987 - Doxey - The Association of Anthropometric Measurements of Thigh Size and B-mode Ultrasound Scanning of Muscle Thickness.pdf:pdf},
issn = {0190-6011},
journal = {J. Orthop. Sports Phys. Ther.},
pages = {462--468},
pmid = {18797032},
title = {{The Association of Anthropometric Measurements of Thigh Size and B-mode Ultrasound Scanning of Muscle Thickness.}},
volume = {8},
year = {1987}
}
@article{Stirling2011,
author = {Stirling, Leia and Yu, Chih Han and Miller, Jason and Hawkes, Elliot and Wood, Robert and Goldfield, Eugene and Nagpal, Radhika},
doi = {10.1007/s11665-011-9858-7},
file = {:F$\backslash$:/University of Leeds/PhD/Soft Robotics Research Papers/Organized Papers/2011 - Stirling et al. - Applicability of shape memory alloy wire for an active, soft orthotic.pdf:pdf},
isbn = {1059-9495},
issn = {10599495},
journal = {J. Mater. Eng. Perform.},
keywords = {Actuation,Ankle,Gait,Knee,Orthosis,Orthotic,Prototype,SMA,Shape memory alloy springs,SoftRobotics},
mendeley-tags = {Actuation,Ankle,Knee,Orthosis,Prototype,SMA,SoftRobotics},
number = {4-5},
pages = {658--662},
title = {{Applicability of shape memory alloy wire for an active, soft orthotic}},
volume = {20},
year = {2011}
}
@inproceedings{wehner2013lightweight,
  title={A lightweight soft exosuit for gait assistance},
  author={Wehner, Michael and Quinlivan, Brendan and Aubin, Patrick M and Martinez-Villalpando, Ernesto and Baumann, Michael and Stirling, Leia and Holt, Kenneth and Wood, Robert and Walsh, Conor},
  booktitle={2013 IEEE International Conference on Robotics and Automation},
  pages={3362--3369},
  year={2013},
  organization={IEEE}
}
@article{Duenwald2010,
author = {Duenwald, Sarah E. and Vanderby, Ray and Lakes, Roderic S.},
doi = {10.3233/BIR-2010-0559},
file = {:F$\backslash$:/University of Leeds/PhD/Soft Robotics Research Papers/Organized Papers/2010 - Duenwald, Vanderby, Lakes - Stress relaxation and recovery in tendon and ligament Experiment and modeling.pdf:pdf},
isbn = {1878-5034 (Electronic)$\backslash$r0006-355X (Linking)},
issn = {0006355X},
journal = {Biorheology},
keywords = {Ligament,Nonlinear superposition,Quasi-linear viscoelasticity,Tendon,Viscoelasticity},
number = {1},
pages = {1--14},
pmid = {20448294},
title = {{Stress relaxation and recovery in tendon and ligament: Experiment and modeling}},
volume = {47},
year = {2010}
}
@article{Rowe2000,
author = {Rowe, P.J. and Myles, C.M. and Walker, C. and Nutton, R.},
doi = {10.1016/S0966-6362(00)00060-6},
file = {:F$\backslash$:/University of Leeds/PhD/Soft Robotics Research Papers/Organized Papers/2000 - Rowe et al. - Knee joint kinematics in gait and other functional activities measured using flexible electrogoniometry how much kn.pdf:pdf},
isbn = {0966-6362 (Print)},
issn = {09666362},
journal = {Gait Posture},
keywords = {Chair,Electrogoniometry,Functional activity,Gait,Kinematics,Knee,Motion,Movement,Orthopaedics,Physiotherapy,Ramp,Stair,Walk},
mendeley-tags = {Chair,Gait,Knee,Ramp,Stair,Walk},
month = {oct},
number = {2},
pages = {143--155},
pmid = {10998612},
title = {{Knee joint kinematics in gait and other functional activities measured using flexible electrogoniometry: how much knee motion is sufficient for normal daily life?}},
url = {http://linkinghub.elsevier.com/retrieve/pii/S0966636200000606},
volume = {12},
year = {2000}
}

@article{Duenwald2009,
author = {Duenwald, Sarah E. and Vanderby, Ray and Lakes, Roderic S.},
doi = {10.1007/s10439-009-9687-0},
file = {:F$\backslash$:/University of Leeds/PhD/Soft Robotics Research Papers/Organized Papers/2009 - Duenwald, Vanderby, Lakes - Viscoelastic relaxation and recovery of tendon.pdf:pdf},
isbn = {1521-6047 (Electronic)$\backslash$r0090-6964 (Linking)},
issn = {00906964},
journal = {Ann. Biomed. Eng.},
keywords = {Nonlinear superposition,Quasilinear viscoelasticity (QLV),Tendon},
number = {6},
pages = {1131--1140},
pmid = {19353269},
title = {{Viscoelastic relaxation and recovery of tendon}},
volume = {37},
year = {2009}
}
@article{Pittaccio2009,
author = {Pittaccio, S. and Viscuso, S. and Rossini, M. and Magoni, L. and Pirovano, S. and Villa, E. and Besseghini, S. and Molteni, F.},
doi = {10.1007/s11665-009-9405-y},
file = {:F$\backslash$:/University of Leeds/PhD/Soft Robotics Research Papers/Organized Papers/2009 - Pittaccio et al. - SHADE A shape-memory-activated device promoting ankle dorsiflexion.pdf:pdf},
issn = {10599495},
journal = {J. Mater. Eng. Perform.},
keywords = {Actuator,Orthosis,Rehabilitation,Shape memory alloys},
number = {5-6},
pages = {824--830},
title = {{SHADE: A shape-memory-activated device promoting ankle dorsiflexion}},
volume = {18},
year = {2009}
}

@article{pittaccio2012shape,
  title={Shape memory actuators for medical rehabilitation and neuroscience},
  author={Pittaccio, Simone and Viscuso, Stefano},
  journal={Smart Actuation and Sensing Systems-Recent Advances and Future Challenges},
  volume={4},
  pages={83--120},
  year={2012},
  publisher={IntechOpen}
}

@article{Sartori2009,
author = {Sartori, Massimo and Lloyd, David G. and Reggiani, Monica and Pagello, Enrico},
doi = {10.1109/ARSO.2009.5587058},
file = {:F$\backslash$:/University of Leeds/PhD/Soft Robotics Research Papers/Organized Papers/2009 - Sartori et al. - A stiff tendon neuromusculoskeletal model of the knee.pdf:pdf},
isbn = {9781424443949},
issn = {21627568},
journal = {Proc. IEEE Work. Adv. Robot. its Soc. Impacts, ARSO},
pages = {132--138},
title = {{A stiff tendon neuromusculoskeletal model of the knee}},
year = {2009}
}
@article{Hawkes2016,
author = {Hawkes, Elliot W and Christensen, David L and Okamura, Allison M},
file = {:F$\backslash$:/University of Leeds/PhD/Soft Robotics Research Papers/Organized Papers/2016 - Hawkes, Christensen, Okamura - Design and Implementation of a 300 {\%} Strain Soft Artificial Muscle.pdf:pdf},
isbn = {9781467380256},
keywords = {Actuation,Sensor,SoftRobotics,Strain},
mendeley-tags = {Actuation,Sensor,SoftRobotics,Strain},
number = {1},
pages = {4022--4029},
title = {{Design and Implementation of a 300 {\%} Strain Soft Artificial Muscle}},
year = {2016}
}
@article{rus2015design,
  title={Design, fabrication and control of soft robots},
  author={Rus, Daniela and Tolley, Michael T},
  journal={Nature},
  volume={521},
  number={7553},
  pages={467},
  year={2015},
  publisher={Nature Publishing Group}
}
@inproceedings{Bartenbach2015,
author = {Bartenbach, Volker and Schmidt, Kai and Naef, Matthias and Wyss, Dario and Riener, Robert},
booktitle = {IEEE Int. Conf. Rehabil. Robot.},
doi = {10.1109/ICORR.2015.7281187},
file = {:F$\backslash$:/University of Leeds/PhD/Soft Robotics Research Papers/Organized Papers/2015 - Bartenbach et al. - Concept of a Soft Exosuit for the Support of Leg Function in Rehabilitation.pdf:pdf},
isbn = {9781479918089},
issn = {19457901},
keywords = {Actuation,Ankle,Bowden Cable,HIp,Knee,Orthosis,SoftRobotics},
mendeley-tags = {Actuation,Ankle,Bowden Cable,HIp,Knee,Orthosis,SoftRobotics},
pages = {125--130},
title = {{Concept of a Soft Exosuit for the Support of Leg Function in Rehabilitation}},
year = {2015}
}
@inproceedings{Hamedi2015,
author = {Hamedi, M and Salimi, P and Aliabadi, A and Vismeh, M},
booktitle = {Biomed. Eng. (ICoBE), 2015 2nd Int. Conf.},
doi = {10.1109/ICoBE.2015.7235875},
file = {:F$\backslash$:/University of Leeds/PhD/Soft Robotics Research Papers/Organized Papers/2015 - Hamedi et al. - Toward intelligent ankle foot orthosis for foot-drop, a review of technologies and possibilities.pdf:pdf},
isbn = {9781479917495},
keywords = {Ankle,Review,Robotics,gait analysis,intelligent actuators,orthotics,pati},
mendeley-tags = {Ankle,Review,Robotics},
number = {March},
pages = {1--6},
title = {{Toward intelligent ankle foot orthosis for foot-drop, a review of technologies and possibilities}},
year = {2015}
}
@inproceedings{Felt2015,
author = {Felt, Wyatt and Chin, Khai Yi and Remy, C. David},
booktitle = {IEEE/ASME Trans. Mechatronics},
doi = {10.1109/TMECH.2015.2493782},
file = {:F$\backslash$:/University of Leeds/PhD/Soft Robotics Research Papers/Organized Papers/2015 - Felt, Chin, Remy - Contraction Sensing with Smart Braid McKibben Muscles.pdf:pdf},
issn = {1083-4435},
keywords = {Actuation,PAM,Pneumatic,Sensor,SoftRobotics},
mendeley-tags = {Actuation,PAM,Pneumatic,Sensor,SoftRobotics},
number = {c},
pages = {1--1},
title = {{Contraction Sensing with Smart Braid McKibben Muscles}},
url = {http://ieeexplore.ieee.org/lpdocs/epic03/wrapper.htm?arnumber=7302589},
volume = {4435},
year = {2015}
}
@article{Chang2015,
author = {Chang, MingKun},
doi = {10.4236/ojapps.2015.55020},
file = {:F$\backslash$:/University of Leeds/PhD/Soft Robotics Research Papers/Organized Papers/2015 - Chang - Adaptive Self-Tuning Fuzzy Controller for a Soft Rehabilitation Machine Actuated by Pneumatic Artificial Muscles.pdf:pdf},
issn = {2165-3917},
journal = {Open J. Appl. Sci.},
keywords = {Adaptive Self-Tuning Fuzzy Control,Control,Pneumatic,Pneumatic Arti,adaptive self,functional approximation,pneumatic artificial muscles,tuning fuzzy control},
mendeley-tags = {Control,Pneumatic},
number = {5},
pages = {199--211},
title = {{Adaptive Self-Tuning Fuzzy Controller for a Soft Rehabilitation Machine Actuated by Pneumatic Artificial Muscles}},
url = {http://www.scirp.org/journal/PaperDownload.aspx?DOI=10.4236/ojapps.2015.55020},
volume = {5},
year = {2015}
}
@article{McIntosh2006,
author = {McIntosh, Andrew Stuart and Beatty, Karen T. and Dwan, Leanne N. and Vickers, Deborah R.},
doi = {10.1016/j.jbiomech.2005.07.025},
file = {:F$\backslash$:/University of Leeds/PhD/Soft Robotics Research Papers/Organized Papers/2006 - McIntosh et al. - Gait dynamics on an inclined walkway.pdf:pdf},
isbn = {0021-9290},
issn = {00219290},
journal = {J. Biomech.},
keywords = {Ankle,Biomechanics,Gait,Hip,Inclines,Knee,Lower limbs,Ramp,Ramps,Walk},
mendeley-tags = {Ankle,Gait,Hip,Knee,Ramp,Walk},
number = {13},
pages = {2491--2502},
pmid = {16169000},
title = {{Gait dynamics on an inclined walkway}},
volume = {39},
year = {2006}
}
@article{Sonar2016,
author = {Sonar, Harshal Arun and Paik, Jamie},
doi = {10.3389/frobt.2015.00038},
file = {:F$\backslash$:/University of Leeds/PhD/Soft Robotics Research Papers/Organized Papers/2016 - Sonar, Paik - Soft Pneumatic Actuator Skin with Piezoelectric Sensors for Vibrotactile Feedback.pdf:pdf},
issn = {2296-9144},
journal = {Front. Robot. AI},
keywords = {Pneumatic,Sensor,s,smart actuators,soft actuator,soft sensor,soft skin,vibrotactile feedback,wearable technology},
mendeley-tags = {Pneumatic,Sensor},
number = {January},
pages = {1--11},
title = {{Soft Pneumatic Actuator Skin with Piezoelectric Sensors for Vibrotactile Feedback}},
url = {http://journal.frontiersin.org/Article/10.3389/frobt.2015.00038/abstract},
volume = {2},
year = {2016}
}
@inproceedings{Chenal2014,
author = {Chenal, Thomas P and Case, Jennifer C and Paik, Jamie and Kramer, Rebecca K},
booktitle = {2013 IEEE/RSJ Int. Conf. Intell. Robot. Syst.},
doi = {10.1109/IROS.2014.6942950},
file = {:F$\backslash$:/University of Leeds/PhD/Soft Robotics Research Papers/Organized Papers/2014 - Chenal et al. - Variable Stiffness Fabrics with Embedded Shape Memory Materials for Wearable Applications.pdf:pdf},
isbn = {9781479969333},
keywords = {Actuation,Orthosis,SMA,SoftRobotics},
mendeley-tags = {Actuation,Orthosis,SMA,SoftRobotics},
number = {Iros},
pages = {2827--2831},
title = {{Variable Stiffness Fabrics with Embedded Shape Memory Materials for Wearable Applications}},
year = {2014}
}
@article{Overend1992,
author = {Overend, T J and Cunningham, D a and Paterson, D H and Lefcoe, M S},
doi = {10.1111/j.1475-097X.1992.tb00366.x},
file = {:F$\backslash$:/University of Leeds/PhD/Soft Robotics Research Papers/Organized Papers/1992 - Overend et al. - Thigh composition in young and elderly men determined by computed tomography.pdf:pdf},
isbn = {0144-5979 (Print)$\backslash$r0144-5979 (Linking)},
issn = {0144-5979},
journal = {Clin. Physiol.},
keywords = {Aging,Aging: physiology,Body Composition,Humans,Male,Thigh,Thigh: radiography,Tomography,X-Ray Computed},
number = {6},
pages = {629--40},
pmid = {1424481},
title = {{Thigh composition in young and elderly men determined by computed tomography.}},
url = {http://www.ncbi.nlm.nih.gov/pubmed/1424481},
volume = {12},
year = {1992}
}
@inproceedings{Ding2014,
author = {Ding, Ye and Galiana, Ignacio and Asbeck, Alan and Quinlivan, Brendan and Marco, Stefano and Rossi, Maria De},
booktitle = {IEEE Int. Conf. Robot. Autom.},
doi = {10.1109/ICRA.2014.6907024},
file = {:F$\backslash$:/University of Leeds/PhD/Soft Robotics Research Papers/Organized Papers/2014 - Ding et al. - Multi-joint Actuation Platform for Lower Extremity Soft Exosuits.pdf:pdf},
isbn = {9781479936854},
issn = {10504729},
keywords = {Ankle,Bowden Cable,Hip,Knee,Orthosis,SoftRobotics},
mendeley-tags = {Ankle,Bowden Cable,Hip,Knee,Orthosis,SoftRobotics},
pages = {1327--1334},
title = {{Multi-joint Actuation Platform for Lower Extremity Soft Exosuits}},
year = {2014}
}

@inproceedings{wehner2012exp,
author = {Wehner, Michael and Park, Yong Lae and Walsh, Conor and Nagpal, Radhika and Wood, Robert J. and Moore, Talia and Goldfield, Eugene},
booktitle = {Proc. IEEE RAS \& EMBS International Conference on Biomedical Robotics and Biomechatronics (BioRob)},
pages = {1586--1592},
title = {{Experimental characterization of components for active soft orthotics}},
year = {2012},
organization={IEEE}
}
@article{Takashima2010,
author = {Takashima, Kazuto and Rossiter, Jonathan and Mukai, Toshiharu},
doi = {10.1016/j.sna.2010.09.010},
file = {:F$\backslash$:/University of Leeds/PhD/Soft Robotics Research Papers/Organized Papers//2010 - Takashima, Rossiter, Mukai - McKibben artificial muscle using shape-memory polymer.pdf:pdf},
isbn = {0924-4247},
issn = {09244247},
journal = {Sensors Actuators, A Phys.},
keywords = {Glass transition temperature,McKibben artificial muscle,Shape fixity,Shape recovery,Shape-memory polymer},
number = {1-2},
pages = {116--124},
publisher = {Elsevier B.V.},
title = {{McKibben artificial muscle using shape-memory polymer}},
url = {http://dx.doi.org/10.1016/j.sna.2010.09.010},
volume = {164},
year = {2010}
}
@inproceedings{mengucc2013soft,
  title={Soft wearable motion sensing suit for lower limb biomechanics measurements},
  author={Meng{\"u}{\c{c}}, Yi{\u{g}}it and Park, Yong-Lae and Martinez-Villalpando, Ernesto and Aubin, Patrick and Zisook, Miriam and Stirling, Leia and Wood, Robert J and Walsh, Conor J},
  booktitle={2013 IEEE International Conference on Robotics and Automation},
  pages={5309--5316},
  year={2013},
  organization={IEEE}
}
@article{asbeck2014stronger,
  title={Stronger, smarter, softer: next-generation wearable robots},
  author={Asbeck, Alan T and De Rossi, Stefano MM and Galiana, Ignacio and Ding, Ye and Walsh, Conor J},
  journal={IEEE Robotics \& Automation Magazine},
  volume={21},
  number={4},
  pages={22--33},
  year={2014},
  publisher={IEEE}
}
@article{Villoslada2015,
author = {Villoslada, A. and Flores, A. and Copaci, D. and Blanco, D. and Moreno, L.},
doi = {10.1016/j.robot.2014.09.026},
file = {:F$\backslash$:/University of Leeds/PhD/Soft Robotics Research Papers/Organized Papers/2015 - Villoslada et al. - High-displacement flexible Shape Memory Alloy actuator for soft wearable robots.pdf:pdf},
issn = {09218890},
journal = {Rob. Auton. Syst.},
keywords = {Flexible actuator,Hammerstein-Wiener model,Position and velocity control,Rapid control prototyping,SMA actuator},
pages = {91--101},
publisher = {Elsevier B.V.},
title = {{High-displacement flexible Shape Memory Alloy actuator for soft wearable robots}},
url = {http://dx.doi.org/10.1016/j.robot.2014.09.026},
volume = {73},
year = {2015}
}
@article{Reid2007,
author = {Reid, Samantha M. and Lynn, Scott K. and Musselman, Reilly P. and Costigan, Patrick A.},
doi = {10.1249/mss.0b013e31814538c8},
file = {:F$\backslash$:/University of Leeds/PhD/Soft Robotics Research Papers/Organized Papers/2007 - Reid et al. - Knee Biomechanics of Alternate Stair Ambulation Patterns.pdf:pdf},
isbn = {0195-9131},
issn = {0195-9131},
journal = {Med. Sci. Sport. Exerc.},
keywords = {Gait,Knee,Lower-limb kinetics,Stair,Stairs,Step-by-step,Step-over-step},
mendeley-tags = {Gait,Knee,Stair},
month = {nov},
number = {11},
pages = {2005--2011},
pmid = {17986909},
title = {{Knee Biomechanics of Alternate Stair Ambulation Patterns}},
url = {http://content.wkhealth.com/linkback/openurl?sid=WKPTLP:landingpage{\&}an=00005768-200711000-00016},
volume = {39},
year = {2007}
}
@inproceedings{Abdullah2015,
address = {Malaysia},
author = {Abdullah, Shalimar},
booktitle = {BMC Proc.},
doi = {10.1186/1753-6561-9-S3-A68},
file = {:F$\backslash$:/University of Leeds/PhD/Soft Robotics Research Papers/Organized Papers/2015 - Abdullah - Usage of synthetic tendons in tendon reconstruction.pdf:pdf},
issn = {1753-6561},
number = {Suppl 3},
pages = {1--2},
publisher = {BioMed Central Ltd},
title = {{Usage of synthetic tendons in tendon reconstruction}},
url = {http://www.biomedcentral.com/1753-6561/9/S3/A68},
volume = {9},
year = {2015}
}
@article{Park2013,
author = {Park, Yong Lae and Wood, Robert J.},
doi = {10.1109/ICSENS.2013.6688298},
file = {:F$\backslash$:/University of Leeds/PhD/Soft Robotics Research Papers/Organized Papers/2013 - Park, Wood - Smart pneumatic artificial muscle actuator with embedded microfluidic sensing.pdf:pdf},
isbn = {9781467346405},
issn = {1930-0395},
journal = {IEEE SENSORS 2013 - Proc.},
pages = {1--4},
title = {{Smart pneumatic artificial muscle actuator with embedded microfluidic sensing}},
year = {2013}
}
@article{Protopapadaki2007,
author = {Protopapadaki, Anastasia and Drechsler, Wendy I. and Cramp, Mary C. and Coutts, Fiona J. and Scott, Oona M.},
doi = {10.1016/j.clinbiomech.2006.09.010},
file = {:F$\backslash$:/University of Leeds/PhD/Soft Robotics Research Papers/Organized Papers/2007 - Protopapadaki et al. - Hip, knee, ankle kinematics and kinetics during stair ascent and descent in healthy young individuals.pdf:pdf},
isbn = {0268-0033},
issn = {02680033},
journal = {Clin. Biomech.},
keywords = {Ankle,Gait,Hip,Kinematics,Kinetics,Knee,Motion analysis,Stair,Stair climbing},
mendeley-tags = {Ankle,Gait,Hip,Knee,Stair},
number = {2},
pages = {203--210},
pmid = {17126461},
title = {{Hip, knee, ankle kinematics and kinetics during stair ascent and descent in healthy young individuals}},
volume = {22},
year = {2007}
}
@article{Hosovsky2016,
author = {Ho{\v{s}}ovsk{\'{y}}, A. and PiteÄ¾, J. and {\v{Z}}idek, K. and T{\'{o}}thov{\'{a}}, M. and S{\'{a}}rosi, J. and Cveticanin, L.},
doi = {10.1016/j.mechmachtheory.2016.04.013},
file = {:F$\backslash$:/University of Leeds/PhD/Soft Robotics Research Papers/Organized Papers/2016 - Ho{\v{s}}ovsk{\'{y}} et al. - Dynamic characterization and simulation of two-link soft robot arm with pneumatic muscles.pdf:pdf},
issn = {0094114X},
journal = {Mech. Mach. Theory},
keywords = {Control,Pneumatic,muscle,pneumatic arti fi cial},
mendeley-tags = {Control,Pneumatic},
pages = {98--116},
title = {{Dynamic characterization and simulation of two-link soft robot arm with pneumatic muscles}},
url = {http://linkinghub.elsevier.com/retrieve/pii/S0094114X16300477},
volume = {103},
year = {2016}
}
@book{Nordin2012,
author = {Nordin, Margareta and Frankel, Victor H.},
edition = {4th ed.},
isbn = {978-1-4511-1709-7},
publisher = {Lippincott Williams {\&} Wilkins},
title = {{Basic Biomechanics of the Musculoskeletal System}},
year = {2012}
}
@article{laschi2014soft,
  title={Soft robotics: new perspectives for robot bodyware and control},
  author={Laschi, Cecilia and Cianchetti, Matteo},
  journal={Frontiers in bioengineering and biotechnology},
  volume={2},
  pages={3},
  year={2014},
  publisher={Frontiers}
}
@article{Lloyd2003,
author = {Lloyd, David G. and Besier, Thor F.},
doi = {10.1016/S0021-9290(03)00010-1},
file = {:F$\backslash$:/University of Leeds/PhD/Soft Robotics Research Papers/Organized Papers/2003 - Lloyd, Besier - An EMG-driven musculoskeletal model to estimate muscle forces and knee joint moments in vivo.pdf:pdf},
isbn = {0021-9290 (Print)$\backslash$n0021-9290 (Linking)},
issn = {00219290},
journal = {J. Biomech.},
keywords = {EMG-driven model,Knee biomechanics,Musculoskeletal model},
number = {6},
pages = {765--776},
pmid = {12742444},
title = {{An EMG-driven musculoskeletal model to estimate muscle forces and knee joint moments in vivo}},
volume = {36},
year = {2003}
}
@article{Bundhoo2009,
author = {Bundhoo, Vishalini and Haslam, Edmund and Birch, Benjamin and Park, Edward J.},
doi = {10.1017/S026357470800458X},
file = {:F$\backslash$:/University of Leeds/PhD/Soft Robotics Research Papers/Organized Papers/2009 - Bundhoo et al. - A shape memory alloy-based tendon-driven actuation system for biomimetic artificial fingers, part I design and e.pdf:pdf},
isbn = {0263574708004},
issn = {0263-5747},
journal = {Robotica},
keywords = {artificial finger,biomimetic design,driven mechanism,shape memory alloy,tendon-},
number = {01},
pages = {131},
title = {{A shape memory alloy-based tendon-driven actuation system for biomimetic artificial fingers, part I: design and evaluation}},
volume = {27},
year = {2009}
}
@incollection{Berselli2012,
author = {Pittaccio, Simone},
booktitle = {Smart Actuation Sens. Syst. - Recent Adv. Futur. Challenges},
chapter = {Chapter 4},
doi = {10.5772/2760},
editor = {Berselli, Giovanni},
file = {:F$\backslash$:/University of Leeds/PhD/Soft Robotics Research Papers/Organized Papers/2012 - Pittaccio, Viscuso - Shape Memory Actuators for Medical Rehabilitation and Neuroscience.pdf:pdf},
isbn = {978-953-51-0798-9},
month = {oct},
pages = {84--120},
publisher = {InTech},
title = {{Shape memory actuators for medical rehabilitation and neuroscience}},
url = {http://www.intechopen.com/books/smart-actuation-and-sensing-systems-recent-advances-and-future-challenges},
year = {2012}
}
@article{Bovi2011,
author = {Bovi, Gabriele and Rabuffetti, Marco and Mazzoleni, Paolo and Ferrarin, Maurizio},
doi = {10.1016/j.gaitpost.2010.08.009},
file = {:F$\backslash$:/University of Leeds/PhD/Soft Robotics Research Papers/Organized Papers/2011 - Bovi et al. - A multiple-task gait analysis approach Kinematic, kinetic and EMG reference data for healthy young and adult subjec.pdf:pdf},
isbn = {0966-6362},
issn = {09666362},
journal = {Gait Posture},
keywords = {Ankle,Gait,Hip,Knee,Stair,Walk},
mendeley-tags = {Ankle,Gait,Hip,Knee,Stair,Walk},
month = {jan},
number = {1},
pages = {6--13},
pmid = {21123071},
publisher = {Elsevier B.V.},
title = {{A multiple-task gait analysis approach: Kinematic, kinetic and EMG reference data for healthy young and adult subjects}},
url = {http://dx.doi.org/10.1016/j.gaitpost.2010.08.009 http://linkinghub.elsevier.com/retrieve/pii/S0966636210002468},
volume = {33},
year = {2011}
}
@article{filippini2008toward,
  title={Toward soft robots you can depend on},
  author={Filippini, Roberto and Sen, Soumen and Bicchi, Antonio},
  journal={IEEE Robotics \& Automation Magazine},
  volume={15},
  number={3},
  pages={31--41},
  year={2008},
  publisher={IEEE}
}

@inproceedings{Noda2014,
author = {Noda, Tomoyuki and Teramae, Tatsuya and Ugurlu, Barkan and Morimoto, Jun},
booktitle = {IEEE Int. Conf. Intell. Robot. Syst.},
doi = {10.1109/IROS.2014.6943062},
file = {:F$\backslash$:/University of Leeds/PhD/Soft Robotics Research Papers/Organized Papers/2014 - Noda et al. - Development of an upper limb exoskeleton powered via pneumatic electric hybrid actuators with bowden cable.pdf:pdf},
isbn = {9781479969340},
issn = {21530866},
number = {Iros},
pages = {3573--3578},
title = {{Development of an upper limb exoskeleton powered via pneumatic electric hybrid actuators with bowden cable}},
year = {2014}
}
@article{Roebroeck1994,
author = {Roebroeck, M. E. and Doorenbosch, C. A M and Harlaar, J. and Jacobs, R. and Lankhorst, G. J.},
doi = {10.1016/0268-0033(94)90004-3},
file = {:F$\backslash$:/University of Leeds/PhD/Soft Robotics Research Papers/Organized Papers/1994 - Roebroeck et al. - Biomechanics and muscular activity during sit-to-stand transfer.pdf:pdf},
isbn = {0268-0033 (Print)$\backslash$r0268-0033 (Linking)},
issn = {02680033},
journal = {Clin. Biomech.},
keywords = {Ankle,Chair,Gait,Hip,Knee,Sit-to-stand transfer,biomechanics,co-contraction,electromyography,normative data},
mendeley-tags = {Ankle,Chair,Gait,Hip,Knee},
number = {4},
pages = {235--244},
pmid = {23916233},
title = {{Biomechanics and muscular activity during sit-to-stand transfer}},
volume = {9},
year = {1994}
}

@article{asbeck2015biologically,
  title={A biologically inspired soft exosuit for walking assistance},
  author={Asbeck, Alan T and De Rossi, Stefano MM and Holt, Kenneth G and Walsh, Conor J},
  journal={The International Journal of Robotics Research},
  volume={34},
  number={6},
  pages={744--762},
  year={2015},
  publisher={SAGE Publications Sage UK: London, England}
}

@inproceedings{asbeck2013biologically,
  title={Biologically-inspired soft exosuit},
  author={Asbeck, Alan T and Dyer, Robert J and Larusson, Arnar F and Walsh, Conor J},
  booktitle={2013 IEEE 13th International Conference on Rehabilitation Robotics (ICORR)},
  pages={1--8},
  year={2013},
  organization={IEEE}
}



@article{Lee2008,
author = {Lee, Song Joo and Hidler, Joseph},
doi = {10.1152/japplphysiol.01380.2006},
file = {:F$\backslash$:/University of Leeds/PhD/Soft Robotics Research Papers/Organized Papers/2008 - Lee, Hidler - Biomechanics of overground vs. treadmill walking in healthy individuals.pdf:pdf},
isbn = {8750-7587 (Print)},
issn = {8750-7587},
journal = {J. Appl. Physiol.},
keywords = {Ankle,Gait,Hip,Knee,Walk},
mendeley-tags = {Ankle,Gait,Hip,Knee,Walk},
number = {3},
pages = {747--755},
pmid = {18048582},
title = {{Biomechanics of overground vs. treadmill walking in healthy individuals.}},
volume = {104},
year = {2008}
}
@article{iida2011soft,
  title={Soft robotics: challenges and perspectives},
  author={Iida, Fumiya and Laschi, Cecilia},
  journal={Procedia Computer Science},
  volume={7},
  pages={99--102},
  year={2011},
  publisher={Elsevier}
}
@article{Vable2012,
author = {Vable, M},
doi = {10.1007/978-94-007-4342-7},
file = {:F$\backslash$:/University of Leeds/PhD/Soft Robotics Research Papers/Organized Papers/2012 - Vable - Mechanical Properties of Materials.pdf:pdf},
isbn = {9789400743410},
issn = {09250042},
journal = {Springer},
keywords = {*******Very interisting book + Mechanical Propetie,BCC structures,Characterization and Evaluation of Materials.,Continuum Mechanics and Mechanics of Materials.,Dislocations,EBSD,Engineering.,Materials -- Mechanical properties.,Materials Treatment.,Materials.,Mechanical Testing of Materials --Introduction to,Operating Procedures,Physiscal metallurgy,Plastic deformation,Structural control (Engineering).,Surfaces (Physics).,Tensile test,Yield Phenomena,hardnes,low angle grain boundary,mechanical properties,strengthening mechanisms},
pages = {645},
title = {{Mechanical Properties of Materials}},
volume = {190},
year = {2012}
}
@misc{PhysicalSolutions2015,
author = {{Physical Solutions}},
file = {:F$\backslash$:/University of Leeds/PhD/Soft Robotics Research Papers/Organized Papers/2015 - Physical Solutions - Understanding Planes and Axes of Movement.pdf:pdf},
institution = {PhysicalSolutions},
title = {{Understanding Planes and Axes of Movement}},
url = {http://www.physical-solutions.co.uk/wp-content/uploads/2015/05/Understanding-Planes-and-Axes-of-Movement.pdf},
urldate = {2016-09-10},
year = {2015}
}
@article{mengucc2014wearable,
  title={Wearable soft sensing suit for human gait measurement},
  author={Meng{\"u}{\c{c}}, Yi{\u{g}}it and Park, Yong-Lae and Pei, Hao and Vogt, Daniel and Aubin, Patrick M and Winchell, Ethan and Fluke, Lowell and Stirling, Leia and Wood, Robert J and Walsh, Conor J},
  journal={The International Journal of Robotics Research},
  volume={33},
  number={14},
  pages={1748--1764},
  year={2014},
  publisher={SAGE Publications Sage UK: London, England}
}
@article{Low2016,
author = {Low, Fan-Zhe and Tan, Hong Han and Lim, Jeong Hoon and Yeow, Chen-Hua},
doi = {10.1115/1.4032616},
file = {:F$\backslash$:/University of Leeds/PhD/Soft Robotics Research Papers/Organized Papers/2016 - Low et al. - Development of a Soft Pneumatic Sock for Robot-Assisted Ankle Exercise.pdf:pdf},
issn = {1932-6181},
journal = {J. Med. Device.},
keywords = {ankle motion,deep vein thrombosis,kinematics,range of motion,robot-assisted,soft actuators},
number = {1},
pages = {014503},
title = {{Development of a Soft Pneumatic Sock for Robot-Assisted Ankle Exercise}},
url = {http://medicaldevices.asmedigitalcollection.asme.org/article.aspx?doi=10.1115/1.4032616},
volume = {10},
year = {2016}
}
@inproceedings{Hill1978,
author = {Hill, A.V.},
booktitle = {Proc. R. Soc. London. Ser. B, Biol. Sci.},
doi = {10.1098/rspa.1966.0046},
file = {:F$\backslash$:/University of Leeds/PhD/Soft Robotics Research Papers/Organized Papers/1978 - Hill - The heat of shortening and the dynamic constants of muscle.pdf:pdf},
pages = {136--195},
pmid = {1000105633},
title = {{The heat of shortening and the dynamic constants of muscle}},
year = {1978}
}
@inproceedings{Han2010,
address = {Taipei, Taiwan},
author = {{Han Yali} and {Wang Xingsong}},
booktitle = {2010 IEEE/RSJ Int. Conf. Intell. Robot. Syst.},
doi = {10.1109/IROS.2010.5650497},
file = {:F$\backslash$:/University of Leeds/PhD/Soft Robotics Research Papers/Organized Papers/2010 - Han Yali, Wang Xingsong - Biomechanics study of human lower limb walking Implication for design of power-assisted robot.pdf:pdf},
isbn = {978-1-4244-6674-0},
keywords = {Ankle,Biologically-Inspired Robots,Gait,Hip,Knee,Social Human-Robot Interaction,Walk},
mendeley-tags = {Ankle,Gait,Hip,Knee,Walk},
month = {oct},
pages = {3398--3403},
publisher = {IEEE},
title = {{Biomechanics study of human lower limb walking: Implication for design of power-assisted robot}},
url = {http://ieeexplore.ieee.org/document/5650497/},
year = {2010}
}
@inproceedings{Suh2014,
author = {Suh, Chansu and Margarit, Jordi Condal and Song, Yun Seong and Paik, Jamie},
booktitle = {IEEE Int. Conf. Intell. Robot. Syst.},
doi = {10.1109/IROS.2014.6942943},
file = {:F$\backslash$:/University of Leeds/PhD/Soft Robotics Research Papers/Organized Papers/2014 - Suh et al. - Soft Pneumatic Actuator skin with embedded sensors.pdf:pdf},
isbn = {9781479969340},
issn = {21530866},
number = {Iros},
pages = {2783--2788},
title = {{Soft Pneumatic Actuator skin with embedded sensors}},
year = {2014}
}
@article{Goulbourne2007,
author = {Goulbourne, N.C. C. and Son, S. and Fox, J.W. W.},
doi = {10.1117/12.716274},
file = {:F$\backslash$:/University of Leeds/PhD/Soft Robotics Research Papers/Organized Papers/2007 - Goulbourne, Son, Fox - Self-sensing McKibben actuators using dielectric elastomer sensors.pdf:pdf},
isbn = {081946645X},
issn = {0277786X},
journal = {Proc. SPIE},
keywords = {Self-sensing McKibben actuators using dielectric e,capacitance sensor,dielectric elastomer,large deformations,mckibben actuator,membrane},
pages = {652414--652414--12},
title = {{Self-sensing McKibben actuators using dielectric elastomer sensors}},
url = {http://spiedigitallibrary.org/proceeding.aspx?doi=10.1117/12.716274{\%}5Cnhttp://proceedings.spiedigitallibrary.org/proceeding.aspx?articleid=1300855},
volume = {6524},
year = {2007}
}
@inproceedings{Bishop-Moser2015,
author = {Bishop-Moser, Joshua and Kota, Sridhar},
booktitle = {IEEE Trans. Robot.},
doi = {10.1109/TRO.2015.2409452},
file = {:F$\backslash$:/University of Leeds/PhD/Soft Robotics Research Papers/Organized Papers/2015 - Bishop-Moser, Kota - Design and Modeling of Generalized Fiber-Reinforced Pneumatic Soft Actuators.pdf:pdf},
issn = {15523098},
keywords = {Biologically inspired robots,flexible arms,redundant robots,smart actuators,underactuated robots},
number = {3},
pages = {536--545},
title = {{Design and Modeling of Generalized Fiber-Reinforced Pneumatic Soft Actuators}},
volume = {31},
year = {2015}
}
@article{trivedi2008soft,
  title={Soft robotics: Biological inspiration, state of the art, and future research},
  author={Trivedi, Deepak and Rahn, Christopher D and Kier, William M and Walker, Ian D},
  journal={Applied bionics and biomechanics},
  volume={5},
  number={3},
  pages={99--117},
  year={2008},
  publisher={Hindawi}
}
@inproceedings{laschi2016soft,
  title={Soft Robotics: from scientific challenges to technological applications},
  author={Laschi, C},
  booktitle={Micro-and Nanotechnology Sensors, Systems, and Applications VIII},
  volume={9836},
  pages={983626},
  year={2016},
  organization={International Society for Optics and Photonics}
}
@article{Mak2003,
author = {Mak, Margaret K.Y. and Levin, Oron and Mizrahi, Joseph and Hui-Chan, Christina W.Y.},
doi = {10.1016/S0268-0033(02)00191-2},
file = {:F$\backslash$:/University of Leeds/PhD/Soft Robotics Research Papers/Organized Papers/2003 - Mak et al. - Joint torques during sit-to-stand in healthy subjects and people with Parkinson's disease.pdf:pdf},
isbn = {0268-0033},
issn = {02680033},
journal = {Clin. Biomech.},
keywords = {Ankle,Chair,Functional evaluation,Gait,Ground reaction force,Hip,Joint torque,Knee,Parkinson's disease,Sit-to-stand},
mendeley-tags = {Ankle,Chair,Gait,Hip,Knee},
month = {mar},
number = {3},
pages = {197--206},
pmid = {12620782},
title = {{Joint torques during sit-to-stand in healthy subjects and people with Parkinson's disease}},
url = {http://linkinghub.elsevier.com/retrieve/pii/S0268003302001912},
volume = {18},
year = {2003}
}

%%%%%%%%%%%%%%%%%%%%%%%%%%%%%%%%%%%%%%
%Chapter 2
@article{loeb2000overcomplete,
  title={Overcomplete musculature or underspecified tasks?},
  author={Loeb, Gerald E},
  journal={Motor control},
  volume={4},
  number={1},
  pages={81--83},
  year={2000}
}

%%%%%%%%%%%%%%%%%%%%%%%%%%%%%%%%%%%%%%
%Chapter 3
@techreport{astmd412,
author = {{ASTM D412-06ae2}},
institution = {ASTM International},
title = {{Standard Test Methods for Vulcanized Rubber and Thermoplastic Elastomers - Tension}},
year = {2006},
address = {West Conshohocken, PA},
howpublished = "\url{www.astm.org}"
}

@techreport{astm2002d6147,
author = {{ASTM International}},
institution = {ASTM International},
title = {{Standard Test Method for Vulcanized Rubber and Thermoplastic Elastomer - Determination of Force Decay ( Stress Relaxation ) in Compression (D 6147 - 97)}},
year = {2002},
address = {West Conshohocken, PA},
howpublished = "\url{www.astm.org}"

}

@techreport{astmd638,
author = {{ASTM D638-14}},
institution = {ASTM International},
title = {{Standard Test Method for Tensile Properties of Plastics}},
year = {2014},
address = {West Conshohocken, PA},
howpublished = "\url{www.astm.org}"
}

@book{Bauman2008,
author = {Bauman, Judson T},
pages = {225},
publisher = {Hanser Publications},
title = {{Fatigue, Stress, and Strain of Rubber Components}},
year = {2008}
}

@inbook{oberg2016,
    author = {Oberg, Erik, Jones, Franklin D., Horton, Holbrook L., Ryffel, Henry H.},
	pages = {Properties of Plastics},
	title = {Machinery's Handbook (30th Edition)},
	year = {2016},
	publisher = {Industrial Press}
}

@inbook{ebewele2000,
  pages={Mechanical Properties of Polymers I.},
  title={Polymer science and technology},
  author={Ebewele, Robert O},
  year={2000},
  publisher={CRC press}
}

@misc{instron2019,
author = {Instron},
title = {Yield Strenght},
year = {2019},
howpublished  = "\url{https://www.instron.co.uk/en-gb/our-company/library/glossary/y/yield-strength}",
note = "[Online; accessed 28-Aug-2019]"}
%%%%%%%%%%%%%%%%%%%%%%%%%%%%%%%%%%%%%%
% Chapter 5
 
 @article{aulova2017determination,
  title={Determination of relaxation modulus of time-dependent materials using neural networks},
  author={Aulova, Alexandra and Govekar, Edvard and Emri, Igor},
  journal={Mechanics of Time-Dependent Materials},
  volume={21},
  number={3},
  pages={331--349},
  year={2017},
  publisher={Springer}
}

@article{saha2018use,
  title={Use of an artificial neural network approach for the prediction of resilient modulus for unbound granular material},
  author={Saha, Sajib and Gu, Fan and Luo, Xue and Lytton, Robert L},
  journal={Transportation Research Record},
  volume={2672},
  number={52},
  pages={23--33},
  year={2018},
  publisher={SAGE Publications Sage CA: Los Angeles, CA}
}

@article{tho2004artificial,
  title={Artificial neural network model for material characterization by indentation},
  author={Tho, KK and Swaddiwudhipong, S and Liu, ZS and Hua, J},
  journal={Modelling and Simulation in Materials Science and Engineering},
  volume={12},
  number={5},
  pages={1055},
  year={2004},
  publisher={IOP Publishing}
}

@article{setti2014artificial,
  title={Artificial neural network approach for prediction of stress--strain curve of near $\beta$ titanium alloy},
  author={Setti, Srinivasu Gangi and Rao, RN},
  journal={Rare Metals},
  volume={33},
  number={3},
  pages={249--257},
  year={2014},
  publisher={Springer}
}

@article{xu2019application,
  title={Application of radial basis neural network to transform viscoelastic to elastic properties for materials with multiple thermal transitions},
  author={Xu, Xianbo and Gupta, Nikhil},
  journal={Journal of materials science},
  volume={54},
  number={11},
  pages={8401--8413},
  year={2019},
  publisher={Springer}
}